@book{Brent1973,
	author = {Brent, R.P.},
	publisher = {Prentice-Hall, Englewood Cliffs, New Jersey},
	title = {{Algorithms for minimization without derivatives}},
	year = {1973}
}

@article{Brown1995,
	author = {Brown, B.H. and Leathard, A.D. and Lu, L. and Wang, W. and Hampshire, A.},
	journal = {Physiological Measurement},
	month = aug,
	number = {3},
	pages = {57--67},
	title = {{Measured and expected Cole parameters from electrical impedance tomographic spectroscopy images of the human thorax}},
	volume = {16},
	year = {1995}
}

@article{Darde2012,
	author = {Dard\'{e}, J. and Hakula, H. and Hyv\"{o}nen, N. and Staboulis, S.},
	doi = {10.3934/ipi.2012.6.399},
	journal = {Inverse Problems and Imaging},
	number = {3},
	pages = {399--421},
	title = {{Fine-tuning electrode information in electrical impedance tomography}},
	volume = {6},
	year = {2012}
}

@article{Gomez-Laberge2008,
	author = {G\'{o}mez-Laberge, C. and Adler, A.},
	journal = {Physiological Measurement},
	number = {6},
	pages = {89--99},
	title = {{Direct EIT Jacobian calculations for conductivity change and electrode movement.}},
	volume = {29},
	year = {2008}
}

@inproceedings{Goren2015,
	title={Feasibility study for monitoring stroke and TBI patients},
	author={Goren, N. and Avery, J. and Holder, D.S.},
	booktitle = {Proceedings of the 16th International Conference on Biomedical Applications of Electrical Impedance Tomography},
	pages = {71},
	month = {Jun},
	year = {2015},
	editor = {Sol\`{a}, J. and Braun, F. and Adler, A.}
}

@article{Hampshire1995,
	author = {Hampshire, A.R. and Smallwood, R.H. and Brown, B.H. and Primhak, R.A.},
	journal = {Physiological Measurement},
	month = aug,
	number = {3},
	pages = {175--89},
	title = {{Multifrequency and parametric EIT images of neonatal lungs}},
	volume = {16},
	year = {1995}
}

@article{Holder1992,
	  title={Detection of cerebral ischaemia in the anaesthetised rat by impedance measurement with scalp electrodes: implications for non-invasive imaging of stroke by electrical impedance tomography},
	  author={Holder, D.},
	  journal={Clinical Physics and Physiological Measurement},
	  volume={13},
	  number={1},
	  pages={63},
	  year={1992}
}

@phdthesis{Horesh2006,
	author = {Horesh, L.},
	school = {University College London},
	title = {{Some Novel Approaches in Modelling and Image Reconstruction for Multi Frequency Electrical Impedance Tomography of the Human Brain}},
	year = {2006}
}

@article{Jehl2015a,
	author = {Jehl, M. and Dedner, A. and Betcke, T. and Aristovich, K. and Kl\"{o}fkorn, R. and Holder, D.},
	journal = {IEEE Transactions on Biomedical Engineering},
	number = {1},
	pages = {126--137},
	title = {{A Fast Parallel Solver for the Forward Problem in Electrical Impedance Tomography}},
	volume = {62},
	year = {2015a}
}

@article{Jehl2015b,
	author = {Jehl, M. and Avery, J. and Malone, E. and Holder, D. and Betcke, T.},
	journal = {Physiological Measurement},
	number = {12},
	pages = {2423--2442},
	title = {{Correcting electrode modelling errors in EIT on realistic 3D head models}},
	volume = {36},
	year = {2015b}
}

@article{Jun2009,
	author = {Jun, S.C. and Kuen, J. and Lee, J. and Woo, E.J. and Holder, D. and Seo, J.K.},
	journal = {Physiological Measurement},
	month = oct,
	number = {10},
	pages = {1087--1099},
	title = {{Frequency-difference EIT (fdEIT) using weighted difference and equivalent homogeneous admittivity: validation by simulation and tank experiment.}},
	volume = {30},
	year = {2009}
}

@article{Lionheart2004,
	author = {Lionheart, W.},
	journal = {Physiological Measurement},
	month = feb,
	number = {1},
	pages = {125--142},
	title = {{EIT reconstruction algorithms: pitfalls, challenges and recent developments}},
	volume = {25},
	year = {2004}
}

@article{Malich2003,
	author = {Malich, A. and B\"{o}hm, T. and Facius, M. and Kleinteich, I. and Fleck, M. and Sauner, D. and Anderson, R. and Kaiser, W.A.},
	journal = {Nuclear Instruments and Methods in Physics Research},
	month = jan,
	number = {1},
	pages = {75--81},
	title = {{Electrical impedance scanning as a new imaging modality in breast cancer detection—a short review of clinical value on breast application, limitations and perspectives}},
	volume = {497},
	year = {2003}
}

@article{Malone2013,
	author = {Malone, E. and {Sato Dos Santos}, G. and Holder, D. and Arridge, S.},
	journal = {IEEE Transactions on Medical Imaging},
	pages = {340--350},
	volume = {33},
	number = {2},
	title = {{Multifrequency Electrical Impedance Tomography using spectral constraints}},
	year = {2014a}
}

@article{Malone2014,
	author = {Malone, E. and Jehl, M. and Arridge, S. and Betcke, T. and Holder, D.},
	journal = {Physiological Measurement},
	number = {6},
	pages = {1051--66},
	title = {{Stroke type differentiation using spectrally constrained multifrequency EIT: evaluation of feasibility in a realistic head model}},
	volume = {35},
	year = {2014b}
}

@article{Nissinen2011,
	author = {Nissinen, A. and Kolehmainen, V.P. and Kaipio, J.P.},
	journal = {IEEE Transactions on Medical Imaging},
	number = {2},
	pages = {231--242},
	title = {{Compensation of modelling errors due to unknown domain boundary in electrical impedance tomography}},
	volume = {30},
	year = {2011}
}

@book{Nocedal1999,
	address = {New York},
	author = {Nocedal, J. and Wright, S.J.},
	isbn = {9780387303031},
	pages = {485--490},
	publisher = {Springer Series in Operations Research and Financial Engineering},
	title = {{Numerical optimization}},
	year = {1999}
}

@article{Packham2012,
	author = {Packham, B. and Koo, H. and Romsauerova, A. and Ahn, S. and McEwan, A. and Jun, S.C. and Holder, D.S.},
	journal = {Physiological Measurement},
	month = may,
	number = {5},
	pages = {767--786},
	title = {{Comparison of frequency difference reconstruction algorithms for the detection of acute stroke using EIT in a realistic head-shaped tank}},
	volume = {33},
	year = {2012}
}

@article{Polydorides2002,
	author = {Polydorides, N. and Lionheart, W.R.B.},
	journal = {Measurement Science and Technology},
	number = {12},
	pages = {1871--1883},
	title = {{A Matlab toolkit for three-dimensional electrical impedance tomography: a contribution to the Electrical Impedance and Diffuse Optical Reconstruction Software project}},
	volume = {13},
	year = {2002}
}

@article{Power2004,
	author = {Power, M.},
	journal = {Advances in Clinical Neuroscience and Rehabilitation},
	number = {3},
	pages = {36--37},
	title = {{An update on thrombolysis for acute ischaemic stroke}},
	volume = {4},
	year = {2004}
}

@article{Qian2011,
	author = {Qian, S. and Sheng, Y.},
	journal = {Annals of Biomedical Engineering},
	month = nov,
	number = {11},
	pages = {2844--2856},
	title = {{A single camera photogrammetry system for multi-angle fast localization of EEG electrodes}},
	volume = {39},
	year = {2011}
}

@article{Romsauerova2006,
	author = {Romsauerova, A. and McEwan, A. and Horesh, L. and Yerworth, R. and Bayford, R. and Holder, D.},
	journal = {Physiological Measurement},
	month = may,
	number = {5},
	pages = {147--61},
	title = {{Multi-frequency electrical impedance tomography (EIT) of the adult human head: initial findings in brain tumours, arteriovenous malformations and chronic stroke, development of an analysis method and calibration}},
	volume = {27},
	year = {2006}
}

@article{Saver2013,
	author = {Saver, J.L. and Fonarow, G.C. and Smith, E.E. and Reeves, M.J. and Grau-Sepulveda, M.V. and Pan, W. and Olson, D.M. and Hernandez, A.F. and Peterson, E.D. and Schwamm, L.H.},
	journal = {The Journal of the American Medical Association},
	number = {23},
	pages = {2480--2488},
	title = {{Time to Treatment With Intravenous Tissue Plasminogen Activator and Outcome From Acute Ischemic Stroke}},
	volume = {309},
	year = {2013}
}

@article{Soleimani2006,
	author = {Soleimani, M. and G\'{o}mez-Laberge, C. and Adler, A.},
	journal = {Physiological Measurement},
	number = {5},
	pages = {103--13},
	title = {{Imaging of conductivity changes and electrode movement in EIT.}},
	volume = {27},
	year = {2006}
}

@article{Somersalo1992,
	author = {Somersalo, E. and Cheney, M. and Isaacson, D.},
	journal = {SIAM Journal on Applied Mathematics},
	number = {4},
	pages = {1023--1040},
	title = {{Existence and Uniqueness for Electrode Models for Electric Current Computed Tomography}},
	volume = {52},
	year = {1992}
}

@article{Tidswell2001,
	author = {Tidswell, T. and Gibson, A. and Bayford, R.H. and Holder, D.S.},
	journal = {NeuroImage},
	month = {feb},
	number = {2},
	pages = {283--94},
	title = {{Three-dimensional electrical impedance tomography of human brain activity.}},
	volume = {13},
	year = {2001}
}

@incollection{Viklands2001,
	year={2001},
	booktitle={Fast Solution of Discretized Optimization Problems},
	volume={138},
	series={ISNM International Series of Numerical Mathematics},
	editor={Hoffmann, K.H. and Hoppe, R.H.W. and Schulz, V.},
	title={Optimization Tools for Solving Nonlinear Ill-posed Problems},
	publisher={Birkhäuser Basel},
	author={Viklands, T. and Gulliksson, M.},
	pages={255-264}
}